<?xml version="1.0" encoding="UTF-8"?><collection xmlns="http://www.loc.gov/MARC21/slim"><record><leader>00449nam--2200121-i-4500</leader><controlfield tag="001">000004766</controlfield><controlfield tag="002">20161230</controlfield><controlfield tag="005">20161230201026</controlfield><controlfield tag="008">060222s1000------------r-----000-0-eng-d</controlfield><datafield ind1=" " ind2=" " tag="100"><subfield code="a">Bhowmik,B./S.A.</subfield></datafield><datafield ind1=" " ind2=" " tag="245"><subfield code="a">The interaction and decay of k mesons in photo graphic emulsion. part.i:general characteristic of k -interactio ns and analysis of events in which a charged meson is emitted</subfield></datafield><datafield ind1=" " ind2=" " tag="260"><subfield code="a">Bologna,Tipografia Compositori,1959. 41p</subfield></datafield><datafield ind1=" " ind2=" " tag="852"><subfield code="a">6489</subfield></datafield></record></collection>